@inproceedings{ccs2017,
  author    = {Sebastian Berndt and
               Maciej Li{\'{s}}kiewicz},
  title     = {Algorithm Substitution Attacks from a Steganographic Perspective},
  booktitle = {{CCS}},
  pages     = {},
  publisher = {{ACM}},
  year      = {2017}
}


@inproceedings{DBLP:conf/wea/BannachBE17,
  author    = {Max Bannach and
               Sebastian Berndt and
               Thorsten Ehlers},
  title     = {Jdrasil: {A} Modular Library for Computing Tree Decompositions},
  booktitle = {{SEA}},
  series    = {LIPIcs},
  volume    = {75},
  pages     = {28:1--28:21},
  publisher = {Schloss Dagstuhl - Leibniz-Zentrum fuer Informatik},
  year      = {2017}
}


@inproceedings{DBLP:conf/aaai/BerndtLLR17,
  author    = {Sebastian Berndt and
               Maciej Li{\'{s}}kiewicz and
               Matthias Lutter and
               R{\"{u}}diger Reischuk},
  title     = {Learning Residual Alternating Automata},
  booktitle = {{AAAI}},
  pages     = {1749--1755},
  publisher = {{AAAI} Press},
  year      = {2017}
}

@article{DBLP:journals/eccc/BerndtLLR17,
  author    = {Sebastian Berndt and
               Maciej Li{\'{s}}skiewicz and
               Matthias Lutter and
               R{\"{u}}diger Reischuk},
  title     = {Learning Residual Alternating Automata},
  journal   = {Electronic Colloquium on Computational Complexity {(ECCC)}},
  volume    = {24},
  pages     = {46},
  year      = {2017}
}

@inproceedings{DBLP:conf/ih/BerndtL16,
  author    = {Sebastian Berndt and
               Maciej Li{\'{s}}kiewicz},
  title     = {Provable Secure Universal Steganography of Optimal Rate: Provably
               Secure Steganography does not Necessarily Imply One-Way Functions},
  booktitle = {IH{\&}MMSec},
  bibbase_note = {<span style="color: green">Best Student Paper Award.</span>},
  pages     = {81--92},
  publisher = {{ACM}},
  year      = {2016}
}

@inproceedings{DBLP:conf/isaac/BerndtL16,
  author    = {Sebastian Berndt and
               Maciej Li{\'{s}}kiewicz},
  title     = {Hard Communication Channels for Steganography},
  booktitle = {{ISAAC}},
  series    = {LIPIcs},
  volume    = {64},
  pages     = {16:1--16:13},
  publisher = {Schloss Dagstuhl - Leibniz-Zentrum fuer Informatik},
  year      = {2016}
}

@inproceedings{DBLP:conf/lata/BerndtR16,
  author    = {Sebastian Berndt and
               R{\"{u}}diger Reischuk},
  title     = {Steganography Based on Pattern Languages},
  booktitle = {{LATA}},
  series    = {Lecture Notes in Computer Science},
  volume    = {9618},
  pages     = {387--399},
  publisher = {Springer},
  year      = {2016}
}

@inproceedings{DBLP:conf/approx/BerndtJK15,
  author    = {Sebastian Berndt and
               Klaus Jansen and
               Kim{-}Manuel Klein},
  title     = {Fully Dynamic Bin Packing Revisited},
  booktitle = {{APPROX-RANDOM}},
  series    = {LIPIcs},
  volume    = {40},
  pages     = {135--151},
  publisher = {Schloss Dagstuhl - Leibniz-Zentrum fuer Informatik},
  year      = {2015}
}

@article{DBLP:journals/corr/BerndtJK14,
  author    = {Sebastian Berndt and
               Klaus Jansen and
               Kim{-}Manuel Klein},
  title     = {Fully Dynamic Bin Packing Revisited},
  journal   = {CoRR},
  volume    = {abs/1411.0960},
  year      = {2014}
}

